<record><leader>00000cas a22000007a 4500</leader><controlfield tag="001">10437650</controlfield><controlfield tag="008">840221d18841915paudn ne      0    0eng d</controlfield><datafield ind1=" " ind2=" " tag="010"><subfield code="a">sn 84026356 </subfield></datafield><datafield ind1=" " ind2=" " tag="040"><subfield code="a">NPU</subfield><subfield code="b">eng</subfield><subfield code="c">NPU</subfield><subfield code="d">NPH</subfield><subfield code="d">OCLCQ</subfield></datafield><datafield ind1=" " ind2=" " tag="042"><subfield code="a">msc</subfield></datafield><datafield ind1="0" ind2="4" tag="245"><subfield code="a">The Scranton truth.</subfield></datafield><datafield ind1=" " ind2=" " tag="260"><subfield code="a">Scranton, Pa. :</subfield><subfield code="b">John E. Barett and J.J. Jordan and Robert Shiel</subfield></datafield><datafield ind1=" " ind2=" " tag="300"><subfield code="a">v. :</subfield><subfield code="b">ill. ;</subfield><subfield code="c">56-61 cm.</subfield></datafield><datafield ind1=" " ind2=" " tag="310"><subfield code="a">Daily (except Sun.)</subfield></datafield><datafield ind1="1" ind2=" " tag="362"><subfield code="a">Began Apr. 21, 1884; ceased Mar. 11, 1915.</subfield><subfield code="z">Cf. Salisbury, R., Penn. newspapers, 1969.</subfield></datafield><datafield ind1=" " ind2=" " tag="500"><subfield code="a">Publisher: Truth Print. House &lt;1889&gt;; Tribune Pub. Co. &lt;1913&gt;.</subfield></datafield><datafield ind1=" " ind2=" " tag="500"><subfield code="a">Editor: Robt. B. Towne &lt;1913&gt;.</subfield></datafield><datafield ind1=" " ind2=" " tag="588"><subfield code="a">Description based on: No. 2 (Apr. 22, 1884).</subfield></datafield><datafield ind1=" " ind2=" " tag="752"><subfield code="a">United States</subfield><subfield code="b">Pennsylvania</subfield><subfield code="c">Lackawanna</subfield><subfield code="d">Scranton.</subfield></datafield><datafield ind1="0" ind2="7" tag="785"><subfield code="t">Scranton republican and tribune</subfield><subfield code="w">(DLC)sn 86082000</subfield></datafield><datafield ind1="0" ind2="7" tag="785"><subfield code="t">Scranton republican tribune and truth</subfield><subfield code="w">(DLC)sn 86081999</subfield></datafield><datafield ind1="1" ind2=" " tag="029"><subfield code="a">AU@</subfield><subfield code="b">000025841520</subfield></datafield></record>